%YAML 1.1
%TAG !u! tag:unity3d.com,2011:
--- !u!1 &3740260132273358373
GameObject:
  m_ObjectHideFlags: 0
  m_CorrespondingSourceObject: {fileID: 0}
  m_PrefabInstance: {fileID: 0}
  m_PrefabAsset: {fileID: 0}
  serializedVersion: 6
  m_Component:
  - component: {fileID: 3740260132273358370}
  - component: {fileID: 3740260132273358363}
  - component: {fileID: 3740260132273358371}
  - component: {fileID: 3740260132273358362}
  - component: {fileID: 3740260132273358365}
  - component: {fileID: 3740260132273358364}
  - component: {fileID: 3740260132273358367}
  - component: {fileID: 3740260132273358366}
  - component: {fileID: 3740260132273358369}
  - component: {fileID: 3740260132273358368}
  m_Layer: 2
  m_Name: CameraControlsFirst2
  m_TagString: Untagged
  m_Icon: {fileID: 0}
  m_NavMeshLayer: 0
  m_StaticEditorFlags: 0
  m_IsActive: 1
--- !u!4 &3740260132273358370
Transform:
  m_ObjectHideFlags: 0
  m_CorrespondingSourceObject: {fileID: 0}
  m_PrefabInstance: {fileID: 0}
  m_PrefabAsset: {fileID: 0}
  m_GameObject: {fileID: 3740260132273358373}
  m_LocalRotation: {x: -0, y: -0.7071068, z: -0, w: 0.7071068}
  m_LocalPosition: {x: 0, y: -0.01, z: 0}
  m_LocalScale: {x: 1, y: 1, z: 1}
  m_Children:
  - {fileID: 3740260133705638685}
  - {fileID: 3740260133868660132}
  m_Father: {fileID: 3740260133253022489}
  m_RootOrder: 2
  m_LocalEulerAnglesHint: {x: 0, y: -90, z: 0}
--- !u!114 &3740260132273358363
MonoBehaviour:
  m_ObjectHideFlags: 0
  m_CorrespondingSourceObject: {fileID: 0}
  m_PrefabInstance: {fileID: 0}
  m_PrefabAsset: {fileID: 0}
  m_GameObject: {fileID: 3740260132273358373}
  m_Enabled: 0
  m_EditorHideFlags: 0
  m_Script: {fileID: 11500000, guid: 565561f3eb0d38848ad3d1fe2a49b2b1, type: 3}
  m_Name: 
  m_EditorClassIdentifier: 
  cameraTransform: {fileID: 3740260133868660132}
  castType: 1
  layerMask:
    serializedVersion: 2
    m_Bits: 4294967295
  ignoreList:
  - {fileID: 3740260133427706356}
  minimumDistanceFromObstacles: 0.3
  smoothingFactor: 35
  spherecastRadius: 0.2
--- !u!114 &3740260132273358371
MonoBehaviour:
  m_ObjectHideFlags: 0
  m_CorrespondingSourceObject: {fileID: 0}
  m_PrefabInstance: {fileID: 0}
  m_PrefabAsset: {fileID: 0}
  m_GameObject: {fileID: 3740260132273358373}
  m_Enabled: 1
  m_EditorHideFlags: 0
  m_Script: {fileID: 11500000, guid: e9be22bce34010f43b12190b15d84b00, type: 3}
  m_Name: 
  m_EditorClassIdentifier: 
  horizontalInputAxis: Axis 3
  verticalInputAxis: Axis 4
  invertHorizontalInput: 0
  invertVerticalInput: 0
  upperVerticalLimit: 60
  lowerVerticalLimit: 90
  cameraSpeed: 180
  useMouseInput: 0
  cameraMouseSpeed: 0.55
  smoothCameraRotation: 0
  cameraSmoothingFactor: 25
--- !u!65 &3740260132273358362
BoxCollider:
  m_ObjectHideFlags: 0
  m_CorrespondingSourceObject: {fileID: 0}
  m_PrefabInstance: {fileID: 0}
  m_PrefabAsset: {fileID: 0}
  m_GameObject: {fileID: 3740260132273358373}
  m_Material: {fileID: 0}
  m_IsTrigger: 0
  m_Enabled: 0
  serializedVersion: 2
  m_Size: {x: 1, y: 1, z: 1}
  m_Center: {x: 0, y: 0, z: 0}
--- !u!114 &3740260132273358365
MonoBehaviour:
  m_ObjectHideFlags: 0
  m_CorrespondingSourceObject: {fileID: 0}
  m_PrefabInstance: {fileID: 0}
  m_PrefabAsset: {fileID: 0}
  m_GameObject: {fileID: 3740260132273358373}
  m_Enabled: 1
  m_EditorHideFlags: 0
  m_Script: {fileID: 11500000, guid: 170e3358abcd7014281ff3cee18197ca, type: 3}
  m_Name: 
  m_EditorClassIdentifier: 
  deleted: 0
  showWarnings: 1
  duration: 0
  obj: {fileID: 3740260133705638684}
  gameObjectName: 
  modifyType: 3
  selectedComponentIndex: 4
  selectedComponent: {fileID: 3740260133705638672}
  componentCount: 10
  referenceType: 1
--- !u!114 &3740260132273358364
MonoBehaviour:
  m_ObjectHideFlags: 0
  m_CorrespondingSourceObject: {fileID: 0}
  m_PrefabInstance: {fileID: 0}
  m_PrefabAsset: {fileID: 0}
  m_GameObject: {fileID: 3740260132273358373}
  m_Enabled: 1
  m_EditorHideFlags: 0
  m_Script: {fileID: 11500000, guid: 2a62fb07d8923234c83625cb5bdebfd3, type: 3}
  m_Name: 
  m_EditorClassIdentifier: 
  conditions:
  - {fileID: 3740260132273358369}
  responses:
  - {fileID: 3740260132273358365}
  - {fileID: 3740260132273358368}
  exitResponses: []
  showBaseOptions: 1
  debugTriggerBox: 0
  hideWarnings: 0
  disableEntryCheck: 1
  triggerTags: 
  canWander: 0
  triggerboxColour: {r: 0, g: 0, b: 0, a: 0}
  afterTrigger: 3
  triggerFollow: 0
  conditionTime: 0
  followTransform: {fileID: 0}
  followTransformName: 
--- !u!114 &3740260132273358367
MonoBehaviour:
  m_ObjectHideFlags: 0
  m_CorrespondingSourceObject: {fileID: 0}
  m_PrefabInstance: {fileID: 0}
  m_PrefabAsset: {fileID: 0}
  m_GameObject: {fileID: 3740260132273358373}
  m_Enabled: 1
  m_EditorHideFlags: 0
  m_Script: {fileID: 11500000, guid: 170e3358abcd7014281ff3cee18197ca, type: 3}
  m_Name: 
  m_EditorClassIdentifier: 
  deleted: 0
  showWarnings: 1
  duration: 0
  obj: {fileID: 3740260132273358373}
  gameObjectName: 
  modifyType: 3
  selectedComponentIndex: 1
  selectedComponent: {fileID: 3740260132273358371}
  componentCount: 5
  referenceType: 1
--- !u!114 &3740260132273358366
MonoBehaviour:
  m_ObjectHideFlags: 0
  m_CorrespondingSourceObject: {fileID: 0}
  m_PrefabInstance: {fileID: 0}
  m_PrefabAsset: {fileID: 0}
  m_GameObject: {fileID: 3740260132273358373}
  m_Enabled: 1
  m_EditorHideFlags: 0
  m_Script: {fileID: 11500000, guid: e25144ffc1b201b42bd22c20f994c3df, type: 3}
  m_Name: 
  m_EditorClassIdentifier: 
  deleted: 0
  showWarnings: 1
  duration: 0
  inputKey: 103
  triggerType: 0
  etb: {fileID: 0}
--- !u!114 &3740260132273358369
MonoBehaviour:
  m_ObjectHideFlags: 0
  m_CorrespondingSourceObject: {fileID: 0}
  m_PrefabInstance: {fileID: 0}
  m_PrefabAsset: {fileID: 0}
  m_GameObject: {fileID: 3740260132273358373}
  m_Enabled: 1
  m_EditorHideFlags: 0
  m_Script: {fileID: 11500000, guid: e25144ffc1b201b42bd22c20f994c3df, type: 3}
  m_Name: 
  m_EditorClassIdentifier: 
  deleted: 0
  showWarnings: 1
  duration: 0
  inputKey: 340
  triggerType: 0
  etb: {fileID: 0}
--- !u!114 &3740260132273358368
MonoBehaviour:
  m_ObjectHideFlags: 0
  m_CorrespondingSourceObject: {fileID: 0}
  m_PrefabInstance: {fileID: 0}
  m_PrefabAsset: {fileID: 0}
  m_GameObject: {fileID: 3740260132273358373}
  m_Enabled: 1
  m_EditorHideFlags: 0
  m_Script: {fileID: 11500000, guid: 170e3358abcd7014281ff3cee18197ca, type: 3}
  m_Name: 
  m_EditorClassIdentifier: 
  deleted: 0
  showWarnings: 1
  duration: 0
  obj: {fileID: 3740260132273358373}
  gameObjectName: 
  modifyType: 3
  selectedComponentIndex: 1
  selectedComponent: {fileID: 3740260132273358371}
  componentCount: 4
  referenceType: 1
--- !u!1 &3740260132818949216
GameObject:
  m_ObjectHideFlags: 0
  m_CorrespondingSourceObject: {fileID: 0}
  m_PrefabInstance: {fileID: 0}
  m_PrefabAsset: {fileID: 0}
  serializedVersion: 6
  m_Component:
  - component: {fileID: 3740260132818949217}
  m_Layer: 2
  m_Name: light sensor
  m_TagString: Untagged
  m_Icon: {fileID: 0}
  m_NavMeshLayer: 0
  m_StaticEditorFlags: 0
  m_IsActive: 1
--- !u!4 &3740260132818949217
Transform:
  m_ObjectHideFlags: 0
  m_CorrespondingSourceObject: {fileID: 0}
  m_PrefabInstance: {fileID: 0}
  m_PrefabAsset: {fileID: 0}
  m_GameObject: {fileID: 3740260132818949216}
  m_LocalRotation: {x: -0, y: -0, z: -0, w: 1}
  m_LocalPosition: {x: 0, y: -0.02, z: 0}
  m_LocalScale: {x: 1, y: 1, z: 1}
  m_Children: []
  m_Father: {fileID: 3740260133253022489}
  m_RootOrder: 0
  m_LocalEulerAnglesHint: {x: 0, y: 0, z: 0}
--- !u!1 &3740260132872632596
GameObject:
  m_ObjectHideFlags: 0
  m_CorrespondingSourceObject: {fileID: 0}
  m_PrefabInstance: {fileID: 0}
  m_PrefabAsset: {fileID: 0}
  serializedVersion: 6
  m_Component:
  - component: {fileID: 3740260132872632597}
  - component: {fileID: 3740260132872632584}
  - component: {fileID: 3740260132872632587}
  - component: {fileID: 3740260132872632586}
  - component: {fileID: 3740260132872632589}
  - component: {fileID: 3740260132872632588}
  - component: {fileID: 3740260132872632591}
  - component: {fileID: 3740260132872632590}
  - component: {fileID: 3740260132872632593}
  - component: {fileID: 3740260132872632592}
  - component: {fileID: 3740260132872632595}
  - component: {fileID: 3740260132872632594}
  m_Layer: 2
  m_Name: Model1
  m_TagString: Player
  m_Icon: {fileID: 0}
  m_NavMeshLayer: 0
  m_StaticEditorFlags: 0
  m_IsActive: 1
--- !u!4 &3740260132872632597
Transform:
  m_ObjectHideFlags: 0
  m_CorrespondingSourceObject: {fileID: 0}
  m_PrefabInstance: {fileID: 0}
  m_PrefabAsset: {fileID: 0}
  m_GameObject: {fileID: 3740260132872632596}
  m_LocalRotation: {x: 0, y: -0.7071068, z: -0, w: 0.7071068}
  m_LocalPosition: {x: 0, y: -0.84, z: 0}
  m_LocalScale: {x: 1, y: 1, z: 1}
  m_Children: []
  m_Father: {fileID: 3740260133253022489}
  m_RootOrder: 1
  m_LocalEulerAnglesHint: {x: 0, y: 0, z: 0}
--- !u!33 &3740260132872632584
MeshFilter:
  m_ObjectHideFlags: 0
  m_CorrespondingSourceObject: {fileID: 0}
  m_PrefabInstance: {fileID: 0}
  m_PrefabAsset: {fileID: 0}
  m_GameObject: {fileID: 3740260132872632596}
  m_Mesh: {fileID: 10208, guid: 0000000000000000e000000000000000, type: 0}
--- !u!23 &3740260132872632587
MeshRenderer:
  m_ObjectHideFlags: 0
  m_CorrespondingSourceObject: {fileID: 0}
  m_PrefabInstance: {fileID: 0}
  m_PrefabAsset: {fileID: 0}
  m_GameObject: {fileID: 3740260132872632596}
  m_Enabled: 1
  m_CastShadows: 0
  m_ReceiveShadows: 1
  m_DynamicOccludee: 1
  m_MotionVectors: 1
  m_LightProbeUsage: 1
  m_ReflectionProbeUsage: 1
  m_RenderingLayerMask: 1
  m_RendererPriority: 0
  m_Materials:
  - {fileID: 2100000, guid: a81815f28f7b943deabbc4a629bb0bf0, type: 2}
  m_StaticBatchInfo:
    firstSubMesh: 0
    subMeshCount: 0
  m_StaticBatchRoot: {fileID: 0}
  m_ProbeAnchor: {fileID: 0}
  m_LightProbeVolumeOverride: {fileID: 0}
  m_ScaleInLightmap: 1
  m_PreserveUVs: 0
  m_IgnoreNormalsForChartDetection: 0
  m_ImportantGI: 0
  m_StitchLightmapSeams: 0
  m_SelectedEditorRenderState: 3
  m_MinimumChartSize: 4
  m_AutoUVMaxDistance: 0.5
  m_AutoUVMaxAngle: 89
  m_LightmapParameters: {fileID: 0}
  m_SortingLayerID: 0
  m_SortingLayer: 0
  m_SortingOrder: 0
--- !u!114 &3740260132872632586
MonoBehaviour:
  m_ObjectHideFlags: 0
  m_CorrespondingSourceObject: {fileID: 0}
  m_PrefabInstance: {fileID: 0}
  m_PrefabAsset: {fileID: 0}
  m_GameObject: {fileID: 3740260132872632596}
  m_Enabled: 1
  m_EditorHideFlags: 0
  m_Script: {fileID: 11500000, guid: 28f625fafc0c6c44c9831015f06845e4, type: 3}
  m_Name: 
  m_EditorClassIdentifier: 
  target: {fileID: 0}
  smoothSpeed: 20
  extrapolateRotation: 0
  updateType: 1
--- !u!114 &3740260132872632589
MonoBehaviour:
  m_ObjectHideFlags: 0
  m_CorrespondingSourceObject: {fileID: 0}
  m_PrefabInstance: {fileID: 0}
  m_PrefabAsset: {fileID: 0}
  m_GameObject: {fileID: 3740260132872632596}
  m_Enabled: 1
  m_EditorHideFlags: 0
  m_Script: {fileID: 11500000, guid: 44d750b4d7b181e4486d62deb8be762b, type: 3}
  m_Name: 
  m_EditorClassIdentifier: 
  _meshRenderer: {fileID: 3740260132872632587}
  _skinnedMeshRenderer: {fileID: 0}
  _materials:
  - {fileID: 2100000, guid: 771620f4346204acf9533e91d54fa1b7, type: 2}
  - {fileID: 2100000, guid: f892c5bc776864ff08156ddffe85cb20, type: 2}
--- !u!65 &3740260132872632588
BoxCollider:
  m_ObjectHideFlags: 0
  m_CorrespondingSourceObject: {fileID: 0}
  m_PrefabInstance: {fileID: 0}
  m_PrefabAsset: {fileID: 0}
  m_GameObject: {fileID: 3740260132872632596}
  m_Material: {fileID: 0}
  m_IsTrigger: 0
  m_Enabled: 0
  serializedVersion: 2
  m_Size: {x: 0, y: 0, z: 0}
  m_Center: {x: 0, y: 0, z: 0}
--- !u!1818360609 &3740260132872632591
RotationConstraint:
  m_ObjectHideFlags: 0
  m_CorrespondingSourceObject: {fileID: 0}
  m_PrefabInstance: {fileID: 0}
  m_PrefabAsset: {fileID: 0}
  m_GameObject: {fileID: 3740260132872632596}
  m_Enabled: 1
  m_Weight: 1
  m_RotationAtRest: {x: 0, y: -90, z: 0}
  m_RotationOffset: {x: 0, y: 0, z: 0}
  m_AffectRotationX: 0
  m_AffectRotationY: 1
  m_AffectRotationZ: 0
  m_IsContraintActive: 1
  m_IsLocked: 1
  m_Sources:
  - sourceTransform: {fileID: 3740260133705638685}
    weight: 1
--- !u!114 &3740260132872632590
MonoBehaviour:
  m_ObjectHideFlags: 0
  m_CorrespondingSourceObject: {fileID: 0}
  m_PrefabInstance: {fileID: 0}
  m_PrefabAsset: {fileID: 0}
  m_GameObject: {fileID: 3740260132872632596}
  m_Enabled: 1
  m_EditorHideFlags: 0
  m_Script: {fileID: 11500000, guid: 170e3358abcd7014281ff3cee18197ca, type: 3}
  m_Name: 
  m_EditorClassIdentifier: 
  deleted: 0
  showWarnings: 0
  duration: 0
  obj: {fileID: 3740260133705638684}
  gameObjectName: 
  modifyType: 4
  selectedComponentIndex: 4
  selectedComponent: {fileID: 3740260133705638672}
  componentCount: 10
  referenceType: 1
--- !u!114 &3740260132872632593
MonoBehaviour:
  m_ObjectHideFlags: 0
  m_CorrespondingSourceObject: {fileID: 0}
  m_PrefabInstance: {fileID: 0}
  m_PrefabAsset: {fileID: 0}
  m_GameObject: {fileID: 3740260132872632596}
  m_Enabled: 1
  m_EditorHideFlags: 0
  m_Script: {fileID: 11500000, guid: e25144ffc1b201b42bd22c20f994c3df, type: 3}
  m_Name: 
  m_EditorClassIdentifier: 
  deleted: 0
  showWarnings: 0
  duration: 0
  inputKey: 340
  triggerType: 1
  etb: {fileID: 3740260132872632595}
--- !u!114 &3740260132872632592
MonoBehaviour:
  m_ObjectHideFlags: 0
  m_CorrespondingSourceObject: {fileID: 0}
  m_PrefabInstance: {fileID: 0}
  m_PrefabAsset: {fileID: 0}
  m_GameObject: {fileID: 3740260132872632596}
  m_Enabled: 1
  m_EditorHideFlags: 0
  m_Script: {fileID: 11500000, guid: 170e3358abcd7014281ff3cee18197ca, type: 3}
  m_Name: 
  m_EditorClassIdentifier: 
  deleted: 0
  showWarnings: 0
  duration: 0
  obj: {fileID: 3740260132273358373}
  gameObjectName: 
  modifyType: 4
  selectedComponentIndex: 1
  selectedComponent: {fileID: 3740260132273358371}
  componentCount: 4
  referenceType: 1
--- !u!114 &3740260132872632595
MonoBehaviour:
  m_ObjectHideFlags: 0
  m_CorrespondingSourceObject: {fileID: 0}
  m_PrefabInstance: {fileID: 0}
  m_PrefabAsset: {fileID: 0}
  m_GameObject: {fileID: 3740260132872632596}
  m_Enabled: 1
  m_EditorHideFlags: 0
  m_Script: {fileID: 11500000, guid: 2a62fb07d8923234c83625cb5bdebfd3, type: 3}
  m_Name: 
  m_EditorClassIdentifier: 
  conditions:
  - {fileID: 3740260132872632593}
  responses:
  - {fileID: 3740260132872632594}
  - {fileID: 3740260132872632590}
  - {fileID: 3740260132872632592}
  exitResponses: []
  showBaseOptions: 1
  debugTriggerBox: 0
  hideWarnings: 1
  disableEntryCheck: 1
  triggerTags: 
  canWander: 0
  triggerboxColour: {r: 0, g: 0, b: 0, a: 0}
  afterTrigger: 3
  triggerFollow: 0
  conditionTime: 0
  followTransform: {fileID: 0}
  followTransformName: 
--- !u!114 &3740260132872632594
MonoBehaviour:
  m_ObjectHideFlags: 0
  m_CorrespondingSourceObject: {fileID: 0}
  m_PrefabInstance: {fileID: 0}
  m_PrefabAsset: {fileID: 0}
  m_GameObject: {fileID: 3740260132872632596}
  m_Enabled: 1
  m_EditorHideFlags: 0
  m_Script: {fileID: 11500000, guid: 170e3358abcd7014281ff3cee18197ca, type: 3}
  m_Name: 
  m_EditorClassIdentifier: 
  deleted: 0
  showWarnings: 0
  duration: 0
  obj: {fileID: 0}
  gameObjectName: 
  modifyType: 2
  selectedComponentIndex: 0
  selectedComponent: {fileID: 0}
  componentCount: 1
  referenceType: 1
--- !u!1 &3740260133177950081
GameObject:
  m_ObjectHideFlags: 0
  m_CorrespondingSourceObject: {fileID: 0}
  m_PrefabInstance: {fileID: 0}
  m_PrefabAsset: {fileID: 0}
  serializedVersion: 6
  m_Component:
  - component: {fileID: 3740260133177950206}
  - component: {fileID: 3740260133177950207}
  m_Layer: 2
  m_Name: SpotLight (1)
  m_TagString: Untagged
  m_Icon: {fileID: 0}
  m_NavMeshLayer: 0
  m_StaticEditorFlags: 0
  m_IsActive: 0
--- !u!4 &3740260133177950206
Transform:
  m_ObjectHideFlags: 0
  m_CorrespondingSourceObject: {fileID: 0}
  m_PrefabInstance: {fileID: 0}
  m_PrefabAsset: {fileID: 0}
  m_GameObject: {fileID: 3740260133177950081}
  m_LocalRotation: {x: 0, y: 0, z: 0, w: 1}
  m_LocalPosition: {x: 0.013, y: -0.012535572, z: 0.538}
  m_LocalScale: {x: 1, y: 0.22440994, z: 4.8723345}
  m_Children: []
  m_Father: {fileID: 3740260133705638685}
  m_RootOrder: 0
  m_LocalEulerAnglesHint: {x: 0, y: 0, z: 0}
--- !u!108 &3740260133177950207
Light:
  m_ObjectHideFlags: 0
  m_CorrespondingSourceObject: {fileID: 0}
  m_PrefabInstance: {fileID: 0}
  m_PrefabAsset: {fileID: 0}
  m_GameObject: {fileID: 3740260133177950081}
  m_Enabled: 0
  serializedVersion: 9
  m_Type: 0
  m_Color: {r: 1, g: 1, b: 1, a: 1}
  m_Intensity: 0.5
  m_Range: 100
  m_SpotAngle: 1
  m_InnerSpotAngle: 1
  m_CookieSize: 10
  m_Shadows:
    m_Type: 0
    m_Resolution: -1
    m_CustomResolution: -1
    m_Strength: 1
    m_Bias: 0.05
    m_NormalBias: 0.4
    m_NearPlane: 0.2
    m_CullingMatrixOverride:
      e00: 1
      e01: 0
      e02: 0
      e03: 0
      e10: 0
      e11: 1
      e12: 0
      e13: 0
      e20: 0
      e21: 0
      e22: 1
      e23: 0
      e30: 0
      e31: 0
      e32: 0
      e33: 1
    m_UseCullingMatrixOverride: 0
  m_Cookie: {fileID: 0}
  m_DrawHalo: 0
  m_Flare: {fileID: 0}
  m_RenderMode: 0
  m_CullingMask:
    serializedVersion: 2
    m_Bits: 4294967295
  m_RenderingLayerMask: 1
  m_Lightmapping: 4
  m_LightShadowCasterMode: 0
  m_AreaSize: {x: 1, y: 1}
  m_BounceIntensity: 1
  m_ColorTemperature: 6570
  m_UseColorTemperature: 0
  m_BoundingSphereOverride: {x: 0, y: 0, z: 0, w: 0}
  m_UseBoundingSphereOverride: 0
  m_ShadowRadius: 0
  m_ShadowAngle: 0
--- !u!1 &3740260133253022488
GameObject:
  m_ObjectHideFlags: 0
  m_CorrespondingSourceObject: {fileID: 0}
  m_PrefabInstance: {fileID: 0}
  m_PrefabAsset: {fileID: 0}
  serializedVersion: 6
  m_Component:
  - component: {fileID: 3740260133253022489}
  - component: {fileID: 3740260133253022487}
  - component: {fileID: 3740260133253022486}
  m_Layer: 2
  m_Name: ModelRoot
  m_TagString: Untagged
  m_Icon: {fileID: 0}
  m_NavMeshLayer: 0
  m_StaticEditorFlags: 0
  m_IsActive: 1
--- !u!4 &3740260133253022489
Transform:
  m_ObjectHideFlags: 0
  m_CorrespondingSourceObject: {fileID: 0}
  m_PrefabInstance: {fileID: 0}
  m_PrefabAsset: {fileID: 0}
  m_GameObject: {fileID: 3740260133253022488}
  m_LocalRotation: {x: 0, y: 0, z: 0, w: 1}
  m_LocalPosition: {x: 0, y: 1.035, z: 0}
  m_LocalScale: {x: 1, y: 1, z: 1}
  m_Children:
  - {fileID: 3740260132818949217}
  - {fileID: 3740260132872632597}
  - {fileID: 3740260132273358370}
  m_Father: {fileID: 3740260133427706357}
  m_RootOrder: 0
  m_LocalEulerAnglesHint: {x: 0, y: 0, z: 0}
--- !u!114 &3740260133253022487
MonoBehaviour:
  m_ObjectHideFlags: 0
  m_CorrespondingSourceObject: {fileID: 0}
  m_PrefabInstance: {fileID: 0}
  m_PrefabAsset: {fileID: 0}
  m_GameObject: {fileID: 3740260133253022488}
  m_Enabled: 0
  m_EditorHideFlags: 0
  m_Script: {fileID: 11500000, guid: 1a4483ea754ca6043a5118a42cf7f9fa, type: 3}
  m_Name: 
  m_EditorClassIdentifier: 
  target: {fileID: 0}
  lerpSpeed: 20
  smoothDampTime: 0.02
  extrapolatePosition: 0
  updateType: 1
  smoothType: 1
--- !u!114 &3740260133253022486
MonoBehaviour:
  m_ObjectHideFlags: 0
  m_CorrespondingSourceObject: {fileID: 0}
  m_PrefabInstance: {fileID: 0}
  m_PrefabAsset: {fileID: 0}
  m_GameObject: {fileID: 3740260133253022488}
  m_Enabled: 0
  m_EditorHideFlags: 0
  m_Script: {fileID: 11500000, guid: ea00ad25c692c9d4881f3c19e75ca56c, type: 3}
  m_Name: 
  m_EditorClassIdentifier: 
  controller: {fileID: 3740260133427706361}
  turnSpeed: 1500
--- !u!1 &3740260133427706244
GameObject:
  m_ObjectHideFlags: 0
  m_CorrespondingSourceObject: {fileID: 0}
  m_PrefabInstance: {fileID: 0}
  m_PrefabAsset: {fileID: 0}
  serializedVersion: 6
  m_Component:
  - component: {fileID: 3740260133427706357}
  - component: {fileID: 3740260133427706356}
  - component: {fileID: 3740260133427706359}
  - component: {fileID: 3740260133427706358}
  - component: {fileID: 3740260133427706361}
  - component: {fileID: 3740260133427706360}
  - component: {fileID: 3740260133427706363}
  - component: {fileID: 3740260133427706362}
  - component: {fileID: 3740260133427706365}
  - component: {fileID: 3740260133427706364}
  - component: {fileID: 3740260133427706367}
  - component: {fileID: 3740260133427706366}
  - component: {fileID: 3740260133427706241}
  - component: {fileID: 3740260133427706243}
  - component: {fileID: 3740260133427706242}
  - component: {fileID: 3740260133427706245}
  m_Layer: 2
  m_Name: PlayerTWO (1)
  m_TagString: Untagged
  m_Icon: {fileID: 0}
  m_NavMeshLayer: 0
  m_StaticEditorFlags: 0
  m_IsActive: 1
--- !u!4 &3740260133427706357
Transform:
  m_ObjectHideFlags: 0
  m_CorrespondingSourceObject: {fileID: 0}
  m_PrefabInstance: {fileID: 0}
  m_PrefabAsset: {fileID: 0}
  m_GameObject: {fileID: 3740260133427706244}
  m_LocalRotation: {x: 0, y: 0.7071068, z: 0, w: 0.7071068}
  m_LocalPosition: {x: -78.38, y: 15.45, z: 63.69}
  m_LocalScale: {x: 1, y: 1, z: 1}
  m_Children:
  - {fileID: 3740260133253022489}
  - {fileID: 3528006414609939626}
  m_Father: {fileID: 0}
  m_RootOrder: 0
  m_LocalEulerAnglesHint: {x: 0, y: 90, z: 0}
--- !u!136 &3740260133427706356
CapsuleCollider:
  m_ObjectHideFlags: 0
  m_CorrespondingSourceObject: {fileID: 0}
  m_PrefabInstance: {fileID: 0}
  m_PrefabAsset: {fileID: 0}
  m_GameObject: {fileID: 3740260133427706244}
  m_Material: {fileID: 13400000, guid: e22c35a45fac28e4eb8a295407e775b7, type: 2}
  m_IsTrigger: 0
  m_Enabled: 1
  m_Radius: 0.5
  m_Height: 2.25
  m_Direction: 1
  m_Center: {x: 0, y: 0.125, z: 0}
--- !u!114 &3740260133427706359
MonoBehaviour:
  m_ObjectHideFlags: 0
  m_CorrespondingSourceObject: {fileID: 0}
  m_PrefabInstance: {fileID: 0}
  m_PrefabAsset: {fileID: 0}
  m_GameObject: {fileID: 3740260133427706244}
  m_Enabled: 1
  m_EditorHideFlags: 0
  m_Script: {fileID: 11500000, guid: d98ace8715c2a184ca85247b18eb0853, type: 3}
  m_Name: 
  m_EditorClassIdentifier: 
  slopeLimit: 70
  stepHeight: 0.1
  colliderHeight: 2.5
  colliderThickness: 1
  colliderOffset: {x: 0, y: 0, z: 0}
  sensorType: 1
  sensorLayermask:
    serializedVersion: 2
    m_Bits: 4294967291
  isInDebugMode: 0
  sensorArrayRows: 1
  sensorArrayRayCount: 9
  sensorArrayRowsAreOffset: 0
--- !u!54 &3740260133427706358
Rigidbody:
  m_ObjectHideFlags: 0
  m_CorrespondingSourceObject: {fileID: 0}
  m_PrefabInstance: {fileID: 0}
  m_PrefabAsset: {fileID: 0}
  m_GameObject: {fileID: 3740260133427706244}
  serializedVersion: 2
  m_Mass: 1
  m_Drag: 0
  m_AngularDrag: 0.05
  m_UseGravity: 0
  m_IsKinematic: 0
  m_Interpolate: 1
  m_Constraints: 112
  m_CollisionDetection: 1
--- !u!114 &3740260133427706361
MonoBehaviour:
  m_ObjectHideFlags: 0
  m_CorrespondingSourceObject: {fileID: 0}
  m_PrefabInstance: {fileID: 0}
  m_PrefabAsset: {fileID: 0}
  m_GameObject: {fileID: 3740260133427706244}
  m_Enabled: 1
  m_EditorHideFlags: 0
  m_Script: {fileID: 11500000, guid: 37a8548b2e7bab04099c2934f2863767, type: 3}
  m_Name: 
  m_EditorClassIdentifier: 
  horizontalInputAxis: Axis 1
  verticalInputAxis: Axis 2
  useRawInput: 1
  jumpKey: 344
  movementSpeed: 9
  airControl: 0.45
  jumpSpeed: 12
  friction: 0.5
  gravity: 44
  slideGravity: 30
  slopeLimit: 80
--- !u!114 &3740260133427706360
MonoBehaviour:
  m_ObjectHideFlags: 0
  m_CorrespondingSourceObject: {fileID: 0}
  m_PrefabInstance: {fileID: 0}
  m_PrefabAsset: {fileID: 0}
  m_GameObject: {fileID: 3740260133427706244}
  m_Enabled: 1
  m_EditorHideFlags: 0
  m_Script: {fileID: 11500000, guid: 3fcd76e865f34be478ddb4c8830ec537, type: 3}
  m_Name: 
  m_EditorClassIdentifier: 
  lockCursorAtGameStart: 1
  unlockKeyCode: 27
  lockKeyCode: 323
--- !u!114 &3740260133427706363
MonoBehaviour:
  m_ObjectHideFlags: 0
  m_CorrespondingSourceObject: {fileID: 0}
  m_PrefabInstance: {fileID: 0}
  m_PrefabAsset: {fileID: 0}
  m_GameObject: {fileID: 3740260133427706244}
  m_Enabled: 1
  m_EditorHideFlags: 0
  m_Script: {fileID: 11500000, guid: e585ae70c585991458951865f220217f, type: 3}
  m_Name: 
  m_EditorClassIdentifier: 
  deleted: 0
  showWarnings: 1
  duration: 0
  audioSource: {fileID: 0}
  playMusic: {fileID: 8300000, guid: c212aa2d646dfe248b7c96b4f0e4cb27, type: 3}
  loopMusic: 0
  musicVolume: 1
  playSoundEffect: {fileID: 0}
  soundEffectPosition: {fileID: 0}
  responseType: 0
  audioSourceAction: 0
--- !u!114 &3740260133427706362
MonoBehaviour:
  m_ObjectHideFlags: 0
  m_CorrespondingSourceObject: {fileID: 0}
  m_PrefabInstance: {fileID: 0}
  m_PrefabAsset: {fileID: 0}
  m_GameObject: {fileID: 3740260133427706244}
  m_Enabled: 1
  m_EditorHideFlags: 0
  m_Script: {fileID: 11500000, guid: 0492f26696b37c04e844cfdadfb1a64a, type: 3}
  m_Name: 
  m_EditorClassIdentifier: 
  deleted: 0
  showWarnings: 1
  duration: 0
  targetObject: {fileID: 0}
  targetGameObjectName: 
  destination: {fileID: 0}
  copyRotation: 0
  referenceType: 0
--- !u!114 &3740260133427706365
MonoBehaviour:
  m_ObjectHideFlags: 0
  m_CorrespondingSourceObject: {fileID: 0}
  m_PrefabInstance: {fileID: 0}
  m_PrefabAsset: {fileID: 0}
  m_GameObject: {fileID: 3740260133427706244}
  m_Enabled: 1
  m_EditorHideFlags: 0
  m_Script: {fileID: 11500000, guid: fb883d1b4d15ef045bf7320806224cf7, type: 3}
  m_Name: 
  m_EditorClassIdentifier: 
  deleted: 0
  showWarnings: 1
  duration: 0.1
  targetTransform: {fileID: 3740260133427706357}
  targetTransformName: 
  targetAttribute: 0
  targetAxis: 0
  localSpace: 0
  targetValue: -86
  referenceType: 0
  valueType: 0
--- !u!114 &3740260133427706364
MonoBehaviour:
  m_ObjectHideFlags: 0
  m_CorrespondingSourceObject: {fileID: 0}
  m_PrefabInstance: {fileID: 0}
  m_PrefabAsset: {fileID: 0}
  m_GameObject: {fileID: 3740260133427706244}
  m_Enabled: 1
  m_EditorHideFlags: 0
  m_Script: {fileID: 11500000, guid: fb883d1b4d15ef045bf7320806224cf7, type: 3}
  m_Name: 
  m_EditorClassIdentifier: 
  deleted: 0
  showWarnings: 1
  duration: 0.1
  targetTransform: {fileID: 3740260133427706357}
  targetTransformName: 
  targetAttribute: 0
  targetAxis: 1
  localSpace: 0
  targetValue: 15
  referenceType: 0
  valueType: 0
--- !u!114 &3740260133427706367
MonoBehaviour:
  m_ObjectHideFlags: 0
  m_CorrespondingSourceObject: {fileID: 0}
  m_PrefabInstance: {fileID: 0}
  m_PrefabAsset: {fileID: 0}
  m_GameObject: {fileID: 3740260133427706244}
  m_Enabled: 0
  m_EditorHideFlags: 0
  m_Script: {fileID: 11500000, guid: 5300de631f1bc2d4fa63895242ad153f, type: 3}
  m_Name: 
  m_EditorClassIdentifier: 
  _isAuto: 1
  _lights: []
  _minimumNbTargetOnShadow: 1
  _detectMode: 1
  _raycastinRate: 60
  _targets:
  - Name: 
    Target: {fileID: 3740260132818949217}
    _onChangeState:
      m_PersistentCalls:
        m_Calls: []
      m_TypeName: ShadowDetect.UnityEventBool, Assembly-CSharp, Version=0.0.0.0, Culture=neutral,
        PublicKeyToken=null
    _onEnterShadow:
      m_PersistentCalls:
        m_Calls:
        - m_Target: {fileID: 0}
          m_MethodName: SetActive
          m_Mode: 6
          m_Arguments:
            m_ObjectArgument: {fileID: 0}
            m_ObjectArgumentAssemblyTypeName: UnityEngine.Object, UnityEngine
            m_IntArgument: 0
            m_FloatArgument: 0
            m_StringArgument: 
            m_BoolArgument: 0
          m_CallState: 2
        - m_Target: {fileID: 0}
          m_MethodName: SetActive
          m_Mode: 6
          m_Arguments:
            m_ObjectArgument: {fileID: 0}
            m_ObjectArgumentAssemblyTypeName: UnityEngine.Object, UnityEngine
            m_IntArgument: 0
            m_FloatArgument: 0
            m_StringArgument: 
            m_BoolArgument: 0
          m_CallState: 2
      m_TypeName: UnityEngine.Events.UnityEvent, UnityEngine.CoreModule, Version=0.0.0.0,
        Culture=neutral, PublicKeyToken=null
    _onExitShadow:
      m_PersistentCalls:
        m_Calls:
        - m_Target: {fileID: 0}
          m_MethodName: SetActive
          m_Mode: 6
          m_Arguments:
            m_ObjectArgument: {fileID: 0}
            m_ObjectArgumentAssemblyTypeName: UnityEngine.Object, UnityEngine
            m_IntArgument: 0
            m_FloatArgument: 0
            m_StringArgument: 
            m_BoolArgument: 1
          m_CallState: 2
        - m_Target: {fileID: 0}
          m_MethodName: SetActive
          m_Mode: 6
          m_Arguments:
            m_ObjectArgument: {fileID: 0}
            m_ObjectArgumentAssemblyTypeName: UnityEngine.Object, UnityEngine
            m_IntArgument: 0
            m_FloatArgument: 0
            m_StringArgument: 
            m_BoolArgument: 1
          m_CallState: 2
      m_TypeName: UnityEngine.Events.UnityEvent, UnityEngine.CoreModule, Version=0.0.0.0,
        Culture=neutral, PublicKeyToken=null
    _onShadow:
      m_PersistentCalls:
        m_Calls: []
      m_TypeName: UnityEngine.Events.UnityEvent, UnityEngine.CoreModule, Version=0.0.0.0,
        Culture=neutral, PublicKeyToken=null
    _outShadow:
      m_PersistentCalls:
        m_Calls: []
      m_TypeName: UnityEngine.Events.UnityEvent, UnityEngine.CoreModule, Version=0.0.0.0,
        Culture=neutral, PublicKeyToken=null
    IsOnShadow_state: 0
    Last_IsOnShadow_state: 0
  _layers:
    serializedVersion: 2
    m_Bits: 1
  _onChangeState:
    m_PersistentCalls:
      m_Calls: []
    m_TypeName: ShadowDetect.UnityEventBool, Assembly-CSharp, Version=0.0.0.0, Culture=neutral,
      PublicKeyToken=null
  _onEnterShadow:
    m_PersistentCalls:
      m_Calls: []
    m_TypeName: UnityEngine.Events.UnityEvent, UnityEngine.CoreModule, Version=0.0.0.0,
      Culture=neutral, PublicKeyToken=null
  _onExitShadow:
    m_PersistentCalls:
      m_Calls: []
    m_TypeName: UnityEngine.Events.UnityEvent, UnityEngine.CoreModule, Version=0.0.0.0,
      Culture=neutral, PublicKeyToken=null
  _onShadow:
    m_PersistentCalls:
      m_Calls: []
    m_TypeName: UnityEngine.Events.UnityEvent, UnityEngine.CoreModule, Version=0.0.0.0,
      Culture=neutral, PublicKeyToken=null
  _outShadow:
    m_PersistentCalls:
      m_Calls: []
    m_TypeName: UnityEngine.Events.UnityEvent, UnityEngine.CoreModule, Version=0.0.0.0,
      Culture=neutral, PublicKeyToken=null
  IsOnShadow_state: 0
  Last_IsOnShadow_state: 0
--- !u!114 &3740260133427706366
MonoBehaviour:
  m_ObjectHideFlags: 0
  m_CorrespondingSourceObject: {fileID: 0}
  m_PrefabInstance: {fileID: 0}
  m_PrefabAsset: {fileID: 0}
  m_GameObject: {fileID: 3740260133427706244}
  m_Enabled: 1
  m_EditorHideFlags: 0
  m_Script: {fileID: 11500000, guid: fb883d1b4d15ef045bf7320806224cf7, type: 3}
  m_Name: 
  m_EditorClassIdentifier: 
  deleted: 0
  showWarnings: 1
  duration: 0.1
  targetTransform: {fileID: 3740260133427706357}
  targetTransformName: 
  targetAttribute: 0
  targetAxis: 2
  localSpace: 0
  targetValue: 64
  referenceType: 0
  valueType: 0
--- !u!114 &3740260133427706241
MonoBehaviour:
  m_ObjectHideFlags: 0
  m_CorrespondingSourceObject: {fileID: 0}
  m_PrefabInstance: {fileID: 0}
  m_PrefabAsset: {fileID: 0}
  m_GameObject: {fileID: 3740260133427706244}
  m_Enabled: 1
  m_EditorHideFlags: 0
  m_Script: {fileID: 11500000, guid: 0492f26696b37c04e844cfdadfb1a64a, type: 3}
  m_Name: 
  m_EditorClassIdentifier: 
  deleted: 0
  showWarnings: 1
  duration: 0
  targetObject: {fileID: 3740260133427706244}
  targetGameObjectName: 
  destination: {fileID: 0}
  copyRotation: 0
  referenceType: 0
--- !u!114 &3740260133427706243
MonoBehaviour:
  m_ObjectHideFlags: 0
  m_CorrespondingSourceObject: {fileID: 0}
  m_PrefabInstance: {fileID: 0}
  m_PrefabAsset: {fileID: 0}
  m_GameObject: {fileID: 3740260133427706244}
  m_Enabled: 1
  m_EditorHideFlags: 0
  m_Script: {fileID: 11500000, guid: 170e3358abcd7014281ff3cee18197ca, type: 3}
  m_Name: 
  m_EditorClassIdentifier: 
  deleted: 0
  showWarnings: 1
  duration: 0
  obj: {fileID: 3740260133427706244}
  gameObjectName: 
  modifyType: 4
  selectedComponentIndex: 0
  selectedComponent: {fileID: 0}
  componentCount: 0
  referenceType: 1
--- !u!114 &3740260133427706242
MonoBehaviour:
  m_ObjectHideFlags: 0
  m_CorrespondingSourceObject: {fileID: 0}
  m_PrefabInstance: {fileID: 0}
  m_PrefabAsset: {fileID: 0}
  m_GameObject: {fileID: 3740260133427706244}
  m_Enabled: 1
  m_EditorHideFlags: 0
  m_Script: {fileID: 11500000, guid: e25144ffc1b201b42bd22c20f994c3df, type: 3}
  m_Name: 
  m_EditorClassIdentifier: 
  deleted: 0
  showWarnings: 1
  duration: 0
  inputKey: 344
  triggerType: 0
  etb: {fileID: 0}
--- !u!114 &3740260133427706245
MonoBehaviour:
  m_ObjectHideFlags: 0
  m_CorrespondingSourceObject: {fileID: 0}
  m_PrefabInstance: {fileID: 0}
  m_PrefabAsset: {fileID: 0}
  m_GameObject: {fileID: 3740260133427706244}
  m_Enabled: 1
  m_EditorHideFlags: 0
  m_Script: {fileID: 11500000, guid: 170e3358abcd7014281ff3cee18197ca, type: 3}
  m_Name: 
  m_EditorClassIdentifier: 
  deleted: 0
  showWarnings: 1
  duration: 0
  obj: {fileID: 3740260133427706244}
  gameObjectName: 
  modifyType: 3
  selectedComponentIndex: -1
  selectedComponent: {fileID: 0}
  componentCount: 1
  referenceType: 1
--- !u!1 &3740260133705638684
GameObject:
  m_ObjectHideFlags: 0
  m_CorrespondingSourceObject: {fileID: 0}
  m_PrefabInstance: {fileID: 0}
  m_PrefabAsset: {fileID: 0}
  serializedVersion: 6
  m_Component:
  - component: {fileID: 3740260133705638685}
  - component: {fileID: 3740260133705638682}
  - component: {fileID: 3740260133705638671}
  - component: {fileID: 3740260133705638670}
  - component: {fileID: 3740260133705638673}
  - component: {fileID: 3740260133705638672}
  - component: {fileID: 3740260133705638675}
  - component: {fileID: 3740260133705638674}
  - component: {fileID: 3740260133705638677}
  - component: {fileID: 3740260133705638676}
  - component: {fileID: 3740260133705638679}
  - component: {fileID: 3740260133705638678}
  - component: {fileID: 3740260133705638681}
  - component: {fileID: 3740260133705638680}
  - component: {fileID: 3740260133705638683}
  m_Layer: 2
  m_Name: FirstPersonCamera2.5
  m_TagString: MainCamera
  m_Icon: {fileID: 0}
  m_NavMeshLayer: 0
  m_StaticEditorFlags: 0
  m_IsActive: 1
--- !u!4 &3740260133705638685
Transform:
  m_ObjectHideFlags: 0
  m_CorrespondingSourceObject: {fileID: 0}
  m_PrefabInstance: {fileID: 0}
  m_PrefabAsset: {fileID: 0}
  m_GameObject: {fileID: 3740260133705638684}
  m_LocalRotation: {x: -0, y: -0, z: -0, w: 1}
  m_LocalPosition: {x: 0, y: -0.009999514, z: 0}
  m_LocalScale: {x: 1, y: 1, z: 1}
  m_Children:
  - {fileID: 3740260133177950206}
  - {fileID: 3740260134067286338}
  m_Father: {fileID: 3740260132273358370}
  m_RootOrder: 0
  m_LocalEulerAnglesHint: {x: 0, y: 0, z: 0}
--- !u!20 &3740260133705638682
Camera:
  m_ObjectHideFlags: 0
  m_CorrespondingSourceObject: {fileID: 0}
  m_PrefabInstance: {fileID: 0}
  m_PrefabAsset: {fileID: 0}
  m_GameObject: {fileID: 3740260133705638684}
  m_Enabled: 1
  serializedVersion: 2
  m_ClearFlags: 2
  m_BackGroundColor: {r: 0.825, g: 0.825, b: 0.825, a: 0}
  m_projectionMatrixMode: 2
  m_GateFitMode: 2
  m_FOVAxisMode: 0
  m_SensorSize: {x: 36, y: 24}
  m_LensShift: {x: 0, y: 0}
  m_FocalLength: 12
  m_NormalizedViewPortRect:
    serializedVersion: 2
    x: 0
    y: 0
    width: 1
    height: 0.5
  near clip plane: 0.01
  far clip plane: 1000
  field of view: 90
  orthographic: 0
  orthographic size: 5
  m_Depth: 1
  m_CullingMask:
    serializedVersion: 2
    m_Bits: 4294967295
  m_RenderingPath: -1
  m_TargetTexture: {fileID: 0}
  m_TargetDisplay: 0
  m_TargetEye: 3
  m_HDR: 0
  m_AllowMSAA: 1
  m_AllowDynamicResolution: 0
  m_ForceIntoRT: 1
  m_OcclusionCulling: 1
  m_StereoConvergence: 10
  m_StereoSeparation: 0.022
--- !u!81 &3740260133705638671
AudioListener:
  m_ObjectHideFlags: 0
  m_CorrespondingSourceObject: {fileID: 0}
  m_PrefabInstance: {fileID: 0}
  m_PrefabAsset: {fileID: 0}
  m_GameObject: {fileID: 3740260133705638684}
  m_Enabled: 1
--- !u!114 &3740260133705638670
MonoBehaviour:
  m_ObjectHideFlags: 0
  m_CorrespondingSourceObject: {fileID: 0}
  m_PrefabInstance: {fileID: 0}
  m_PrefabAsset: {fileID: 0}
  m_GameObject: {fileID: 3740260133705638684}
  m_Enabled: 1
  m_EditorHideFlags: 0
  m_Script: {fileID: 11500000, guid: 3fcd76e865f34be478ddb4c8830ec537, type: 3}
  m_Name: 
  m_EditorClassIdentifier: 
  lockCursorAtGameStart: 1
  unlockKeyCode: 27
  lockKeyCode: 323
--- !u!114 &3740260133705638673
MonoBehaviour:
  m_ObjectHideFlags: 0
  m_CorrespondingSourceObject: {fileID: 0}
  m_PrefabInstance: {fileID: 0}
  m_PrefabAsset: {fileID: 0}
  m_GameObject: {fileID: 3740260133705638684}
  m_Enabled: 1
  m_EditorHideFlags: 0
  m_Script: {fileID: 11500000, guid: cdcd06815c47d30489f70df42db56a48, type: 3}
  m_Name: 
  m_EditorClassIdentifier: 
  frustumSettings:
    baseSettings: {fileID: 11400000, guid: ba69698c7880841b4a1b538d8cb15705, type: 2}
    qualitySettings: {fileID: 11400000, guid: 6037974a32b29473985a22c3c8ba889c, type: 2}
--- !u!114 &3740260133705638672
MonoBehaviour:
  m_ObjectHideFlags: 0
  m_CorrespondingSourceObject: {fileID: 0}
  m_PrefabInstance: {fileID: 0}
  m_PrefabAsset: {fileID: 0}
  m_GameObject: {fileID: 3740260133705638684}
  m_Enabled: 1
  m_EditorHideFlags: 0
  m_Script: {fileID: 11500000, guid: 8b9a305e18de0c04dbd257a21cd47087, type: 3}
  m_Name: 
  m_EditorClassIdentifier: 
  sharedProfile: {fileID: 11400000, guid: 0677be8df7277437eb969a6c6b8a0dd1, type: 2}
  isGlobal: 1
  blendDistance: 0
  weight: 1
  priority: 2
--- !u!114 &3740260133705638675
MonoBehaviour:
  m_ObjectHideFlags: 0
  m_CorrespondingSourceObject: {fileID: 0}
  m_PrefabInstance: {fileID: 0}
  m_PrefabAsset: {fileID: 0}
  m_GameObject: {fileID: 3740260133705638684}
  m_Enabled: 1
  m_EditorHideFlags: 0
  m_Script: {fileID: 11500000, guid: 948f4100a11a5c24981795d21301da5c, type: 3}
  m_Name: 
  m_EditorClassIdentifier: 
  volumeTrigger: {fileID: 3740260133705638685}
  volumeLayer:
    serializedVersion: 2
    m_Bits: 1844
  stopNaNPropagation: 1
  finalBlitToCameraTarget: 1
  antialiasingMode: 2
  temporalAntialiasing:
    jitterSpread: 0.75
    sharpness: 0.25
    stationaryBlending: 0.95
    motionBlending: 0.85
  subpixelMorphologicalAntialiasing:
    quality: 2
  fastApproximateAntialiasing:
    fastMode: 1
    keepAlpha: 1
  fog:
    enabled: 1
    excludeSkybox: 1
  debugLayer:
    lightMeter:
      width: 512
      height: 256
      showCurves: 1
    histogram:
      width: 512
      height: 256
      channel: 3
    waveform:
      exposure: 0.12
      height: 256
    vectorscope:
      size: 256
      exposure: 0.12
    overlaySettings:
      linearDepth: 0
      motionColorIntensity: 4
      motionGridSize: 64
      colorBlindnessType: 0
      colorBlindnessStrength: 1
  m_Resources: {fileID: 11400000, guid: d82512f9c8e5d4a4d938b575d47f88d4, type: 2}
  m_ShowToolkit: 0
  m_ShowCustomSorter: 0
  breakBeforeColorGrading: 0
  m_BeforeTransparentBundles: []
  m_BeforeStackBundles: []
  m_AfterStackBundles: []
--- !u!1818360608 &3740260133705638674
PositionConstraint:
  m_ObjectHideFlags: 0
  m_CorrespondingSourceObject: {fileID: 0}
  m_PrefabInstance: {fileID: 0}
  m_PrefabAsset: {fileID: 0}
  m_GameObject: {fileID: 3740260133705638684}
  m_Enabled: 1
  m_Weight: 1
  m_TranslationAtRest: {x: 0, y: -2.13, z: 0}
  m_TranslationOffset: {x: 0, y: 0, z: 0}
  m_AffectTranslationX: 1
  m_AffectTranslationY: 1
  m_AffectTranslationZ: 1
  m_IsContraintActive: 1
  m_IsLocked: 1
  m_Sources:
  - sourceTransform: {fileID: 3740260132818949217}
    weight: 1
--- !u!114 &3740260133705638677
MonoBehaviour:
  m_ObjectHideFlags: 0
  m_CorrespondingSourceObject: {fileID: 0}
  m_PrefabInstance: {fileID: 0}
  m_PrefabAsset: {fileID: 0}
  m_GameObject: {fileID: 3740260133705638684}
  m_Enabled: 1
  m_EditorHideFlags: 0
  m_Script: {fileID: 11500000, guid: 8b9a305e18de0c04dbd257a21cd47087, type: 3}
  m_Name: 
  m_EditorClassIdentifier: 
  sharedProfile: {fileID: 11400000, guid: d2f4d50d461df354493d1dbcb202ef0b, type: 2}
  isGlobal: 1
  blendDistance: 0
  weight: 1
  priority: 1
--- !u!114 &3740260133705638676
MonoBehaviour:
  m_ObjectHideFlags: 0
  m_CorrespondingSourceObject: {fileID: 0}
  m_PrefabInstance: {fileID: 0}
  m_PrefabAsset: {fileID: 0}
  m_GameObject: {fileID: 3740260133705638684}
  m_Enabled: 1
  m_EditorHideFlags: 0
  m_Script: {fileID: 11500000, guid: cd14c7abcfeeeee4684c917d077a7e30, type: 3}
  m_Name: 
  m_EditorClassIdentifier: 
  noiseTex: {fileID: 0}
  quadMesh: {fileID: 0}
  hbaoShader: {fileID: 4800000, guid: 7b834eafaedd0d842bb05a969d9d14bd, type: 3}
  m_Presets:
    preset: 1
  m_GeneralSettings:
    integrationStage: 0
    quality: 1
    deinterleaving: 0
    resolution: 0
    noiseType: 1
    displayMode: 0
  m_AOSettings:
    radius: 0.74
    maxRadiusPixels: 64
    bias: 0.05
    intensity: 0.17
    useMultiBounce: 0
    multiBounceInfluence: 1
    offscreenSamplesContribution: 0
    maxDistance: 150
    distanceFalloff: 50
    perPixelNormals: 0
    baseColor: {r: 0, g: 0, b: 0, a: 1}
  m_ColorBleedingSettings:
    enabled: 0
    saturation: 1
    albedoMultiplier: 4
    brightnessMask: 1
    brightnessMaskRange: {x: 0.8, y: 1.2}
  m_BlurSettings:
    amount: 3
    sharpness: 8
    downsample: 1
--- !u!114 &3740260133705638679
MonoBehaviour:
  m_ObjectHideFlags: 0
  m_CorrespondingSourceObject: {fileID: 0}
  m_PrefabInstance: {fileID: 0}
  m_PrefabAsset: {fileID: 0}
  m_GameObject: {fileID: 3740260133705638684}
  m_Enabled: 1
  m_EditorHideFlags: 0
  m_Script: {fileID: 11500000, guid: 170e3358abcd7014281ff3cee18197ca, type: 3}
  m_Name: 
  m_EditorClassIdentifier: 
  deleted: 0
  showWarnings: 1
  duration: 0
  obj: {fileID: 3740260133705638684}
  gameObjectName: 
  modifyType: 3
  selectedComponentIndex: 0
  selectedComponent: {fileID: 3740260133705638682}
  componentCount: 10
  referenceType: 1
--- !u!114 &3740260133705638678
MonoBehaviour:
  m_ObjectHideFlags: 0
  m_CorrespondingSourceObject: {fileID: 0}
  m_PrefabInstance: {fileID: 0}
  m_PrefabAsset: {fileID: 0}
  m_GameObject: {fileID: 3740260133705638684}
  m_Enabled: 1
  m_EditorHideFlags: 0
  m_Script: {fileID: 11500000, guid: e25144ffc1b201b42bd22c20f994c3df, type: 3}
  m_Name: 
  m_EditorClassIdentifier: 
  deleted: 0
  showWarnings: 1
  duration: 0
  inputKey: 103
  triggerType: 0
  etb: {fileID: 0}
--- !u!114 &3740260133705638681
MonoBehaviour:
  m_ObjectHideFlags: 0
  m_CorrespondingSourceObject: {fileID: 0}
  m_PrefabInstance: {fileID: 0}
  m_PrefabAsset: {fileID: 0}
  m_GameObject: {fileID: 3740260133705638684}
  m_Enabled: 1
  m_EditorHideFlags: 0
  m_Script: {fileID: 11500000, guid: 170e3358abcd7014281ff3cee18197ca, type: 3}
  m_Name: 
  m_EditorClassIdentifier: 
  deleted: 0
  showWarnings: 1
  duration: 0
  obj: {fileID: 3740260132273358373}
  gameObjectName: 
  modifyType: 4
  selectedComponentIndex: 1
  selectedComponent: {fileID: 3740260132273358371}
  componentCount: 4
  referenceType: 1
--- !u!114 &3740260133705638680
MonoBehaviour:
  m_ObjectHideFlags: 0
  m_CorrespondingSourceObject: {fileID: 0}
  m_PrefabInstance: {fileID: 0}
  m_PrefabAsset: {fileID: 0}
  m_GameObject: {fileID: 3740260133705638684}
  m_Enabled: 1
  m_EditorHideFlags: 0
  m_Script: {fileID: 11500000, guid: e25144ffc1b201b42bd22c20f994c3df, type: 3}
  m_Name: 
  m_EditorClassIdentifier: 
  deleted: 0
  showWarnings: 1
  duration: 0
  inputKey: 103
  triggerType: 1
  etb: {fileID: 0}
--- !u!114 &3740260133705638683
MonoBehaviour:
  m_ObjectHideFlags: 0
  m_CorrespondingSourceObject: {fileID: 0}
  m_PrefabInstance: {fileID: 0}
  m_PrefabAsset: {fileID: 0}
  m_GameObject: {fileID: 3740260133705638684}
  m_Enabled: 1
  m_EditorHideFlags: 0
  m_Script: {fileID: 11500000, guid: 310936c5c0744094ebfd703dbaafcb3f, type: 3}
  m_Name: 
  m_EditorClassIdentifier: 
  detectionMode: 0
  _tagObjects: Destructible
  _nameObjects: Cube
  _physicMaterialObjects: {fileID: 0}
  tagObjects: Finish
  nameObjects: Cube
  physicMaterialObjects: {fileID: 0}
  KeyToMove: 341
  KeyToThrowing: 339
  keyToRotate: 340
  hideTheMouse: 0
  setLayerInPlayer: 0
  _cursorLockMode: 1
  TypeOfMovement: 1
  massAffectsRotationalSpeed: 0
  minDistance: 1.5
  maxDistance: 5
  speedOfMovement: 20
  speedOfRotation: 25
  speedScrool: 10
  throwingForce: 800
  moveForce: 1
  closedHandTexture: {fileID: 10913, guid: 0000000000000000f000000000000000, type: 0}
  openHandTexture: {fileID: 21300000, guid: 0a936ae5d70c6c14ab943882f62e0a7a, type: 3}
  texturesScale: 0.15
--- !u!1 &3740260133774254029
GameObject:
  m_ObjectHideFlags: 0
  m_CorrespondingSourceObject: {fileID: 0}
  m_PrefabInstance: {fileID: 0}
  m_PrefabAsset: {fileID: 0}
  serializedVersion: 6
  m_Component:
  - component: {fileID: 3740260133774254026}
  - component: {fileID: 3740260133774254027}
  m_Layer: 2
  m_Name: PlayerShooter
  m_TagString: Untagged
  m_Icon: {fileID: 0}
  m_NavMeshLayer: 0
  m_StaticEditorFlags: 0
  m_IsActive: 0
--- !u!4 &3740260133774254026
Transform:
  m_ObjectHideFlags: 0
  m_CorrespondingSourceObject: {fileID: 0}
  m_PrefabInstance: {fileID: 0}
  m_PrefabAsset: {fileID: 0}
  m_GameObject: {fileID: 3740260133774254029}
  m_LocalRotation: {x: -0, y: -0, z: -0, w: 1}
  m_LocalPosition: {x: 0.01300049, y: 0.0044642687, z: 3.248002}
  m_LocalScale: {x: 1.0024902, y: 1.00217, z: 1.0046502}
  m_Children: []
  m_Father: {fileID: 3740260133868660132}
  m_RootOrder: 1
  m_LocalEulerAnglesHint: {x: 0, y: 0, z: 0}
--- !u!114 &3740260133774254027
MonoBehaviour:
  m_ObjectHideFlags: 0
  m_CorrespondingSourceObject: {fileID: 0}
  m_PrefabInstance: {fileID: 0}
  m_PrefabAsset: {fileID: 0}
  m_GameObject: {fileID: 3740260133774254029}
  m_Enabled: 1
  m_EditorHideFlags: 0
  m_Script: {fileID: 11500000, guid: 533fea19723d24831ad7609a7468ad20, type: 3}
  m_Name: 
  m_EditorClassIdentifier: 
  playerCamera: {fileID: 3740260133868660133}
  bulletPrefab: {fileID: 6892445158660556049, guid: 970e43b15410c4a73a5cad52c4c0c837,
    type: 3}
--- !u!1 &3740260133868660135
GameObject:
  m_ObjectHideFlags: 0
  m_CorrespondingSourceObject: {fileID: 0}
  m_PrefabInstance: {fileID: 0}
  m_PrefabAsset: {fileID: 0}
  serializedVersion: 6
  m_Component:
  - component: {fileID: 3740260133868660132}
  - component: {fileID: 3740260133868660133}
  - component: {fileID: 3740260133868660126}
  - component: {fileID: 3740260133868660129}
  - component: {fileID: 3740260133868660128}
  - component: {fileID: 3740260133868660131}
  - component: {fileID: 3740260133868660130}
  m_Layer: 2
  m_Name: ThirdPersonCamera (1)
  m_TagString: Untagged
  m_Icon: {fileID: 0}
  m_NavMeshLayer: 0
  m_StaticEditorFlags: 0
  m_IsActive: 0
--- !u!4 &3740260133868660132
Transform:
  m_ObjectHideFlags: 0
  m_CorrespondingSourceObject: {fileID: 0}
  m_PrefabInstance: {fileID: 0}
  m_PrefabAsset: {fileID: 0}
  m_GameObject: {fileID: 3740260133868660135}
  m_LocalRotation: {x: -0, y: -0, z: -0, w: 1}
  m_LocalPosition: {x: 0, y: -1.52, z: -2.7100015}
  m_LocalScale: {x: 1, y: 1, z: 1}
  m_Children:
  - {fileID: 3740260133987132964}
  - {fileID: 3740260133774254026}
  m_Father: {fileID: 3740260132273358370}
  m_RootOrder: 1
  m_LocalEulerAnglesHint: {x: 0, y: 0, z: 0}
--- !u!20 &3740260133868660133
Camera:
  m_ObjectHideFlags: 0
  m_CorrespondingSourceObject: {fileID: 0}
  m_PrefabInstance: {fileID: 0}
  m_PrefabAsset: {fileID: 0}
  m_GameObject: {fileID: 3740260133868660135}
  m_Enabled: 1
  serializedVersion: 2
  m_ClearFlags: 1
  m_BackGroundColor: {r: 0.19215687, g: 0.3019608, b: 0.4745098, a: 0}
  m_projectionMatrixMode: 1
  m_GateFitMode: 2
  m_FOVAxisMode: 0
  m_SensorSize: {x: 36, y: 24}
  m_LensShift: {x: 0, y: 0}
  m_FocalLength: 16
  m_NormalizedViewPortRect:
    serializedVersion: 2
    x: 0
    y: 0
    width: 1
    height: 1
  near clip plane: 0.01
  far clip plane: 1000
  field of view: 90
  orthographic: 0
  orthographic size: 5
  m_Depth: 0
  m_CullingMask:
    serializedVersion: 2
    m_Bits: 4294967295
  m_RenderingPath: -1
  m_TargetTexture: {fileID: 0}
  m_TargetDisplay: 0
  m_TargetEye: 3
  m_HDR: 0
  m_AllowMSAA: 1
  m_AllowDynamicResolution: 0
  m_ForceIntoRT: 0
  m_OcclusionCulling: 1
  m_StereoConvergence: 10
  m_StereoSeparation: 0.022
--- !u!81 &3740260133868660126
AudioListener:
  m_ObjectHideFlags: 0
  m_CorrespondingSourceObject: {fileID: 0}
  m_PrefabInstance: {fileID: 0}
  m_PrefabAsset: {fileID: 0}
  m_GameObject: {fileID: 3740260133868660135}
  m_Enabled: 1
--- !u!114 &3740260133868660129
MonoBehaviour:
  m_ObjectHideFlags: 0
  m_CorrespondingSourceObject: {fileID: 0}
  m_PrefabInstance: {fileID: 0}
  m_PrefabAsset: {fileID: 0}
  m_GameObject: {fileID: 3740260133868660135}
  m_Enabled: 1
  m_EditorHideFlags: 0
  m_Script: {fileID: 11500000, guid: 3fcd76e865f34be478ddb4c8830ec537, type: 3}
  m_Name: 
  m_EditorClassIdentifier: 
  lockCursorAtGameStart: 1
  unlockKeyCode: 27
  lockKeyCode: 323
--- !u!114 &3740260133868660128
MonoBehaviour:
  m_ObjectHideFlags: 0
  m_CorrespondingSourceObject: {fileID: 0}
  m_PrefabInstance: {fileID: 0}
  m_PrefabAsset: {fileID: 0}
  m_GameObject: {fileID: 3740260133868660135}
  m_Enabled: 0
  m_EditorHideFlags: 0
  m_Script: {fileID: 11500000, guid: cdcd06815c47d30489f70df42db56a48, type: 3}
  m_Name: 
  m_EditorClassIdentifier: 
  frustumSettings:
    baseSettings: {fileID: 11400000, guid: ba69698c7880841b4a1b538d8cb15705, type: 2}
    qualitySettings: {fileID: 11400000, guid: 6037974a32b29473985a22c3c8ba889c, type: 2}
--- !u!114 &3740260133868660131
MonoBehaviour:
  m_ObjectHideFlags: 0
  m_CorrespondingSourceObject: {fileID: 0}
  m_PrefabInstance: {fileID: 0}
  m_PrefabAsset: {fileID: 0}
  m_GameObject: {fileID: 3740260133868660135}
  m_Enabled: 1
  m_EditorHideFlags: 0
  m_Script: {fileID: 11500000, guid: 8b9a305e18de0c04dbd257a21cd47087, type: 3}
  m_Name: 
  m_EditorClassIdentifier: 
  sharedProfile: {fileID: 11400000, guid: 0677be8df7277437eb969a6c6b8a0dd1, type: 2}
  isGlobal: 1
  blendDistance: 0
  weight: 1
  priority: 0
--- !u!114 &3740260133868660130
MonoBehaviour:
  m_ObjectHideFlags: 0
  m_CorrespondingSourceObject: {fileID: 0}
  m_PrefabInstance: {fileID: 0}
  m_PrefabAsset: {fileID: 0}
  m_GameObject: {fileID: 3740260133868660135}
  m_Enabled: 1
  m_EditorHideFlags: 0
  m_Script: {fileID: 11500000, guid: 948f4100a11a5c24981795d21301da5c, type: 3}
  m_Name: 
  m_EditorClassIdentifier: 
  volumeTrigger: {fileID: 3740260133868660132}
  volumeLayer:
    serializedVersion: 2
    m_Bits: 4294967295
  stopNaNPropagation: 1
  finalBlitToCameraTarget: 1
  antialiasingMode: 0
  temporalAntialiasing:
    jitterSpread: 0.75
    sharpness: 0.25
    stationaryBlending: 0.95
    motionBlending: 0.85
  subpixelMorphologicalAntialiasing:
    quality: 2
  fastApproximateAntialiasing:
    fastMode: 0
    keepAlpha: 0
  fog:
    enabled: 1
    excludeSkybox: 1
  debugLayer:
    lightMeter:
      width: 512
      height: 256
      showCurves: 1
    histogram:
      width: 512
      height: 256
      channel: 3
    waveform:
      exposure: 0.12
      height: 256
    vectorscope:
      size: 256
      exposure: 0.12
    overlaySettings:
      linearDepth: 0
      motionColorIntensity: 4
      motionGridSize: 64
      colorBlindnessType: 0
      colorBlindnessStrength: 1
  m_Resources: {fileID: 11400000, guid: d82512f9c8e5d4a4d938b575d47f88d4, type: 2}
  m_ShowToolkit: 0
  m_ShowCustomSorter: 0
  breakBeforeColorGrading: 0
  m_BeforeTransparentBundles: []
  m_BeforeStackBundles: []
  m_AfterStackBundles: []
--- !u!1 &3740260133987132967
GameObject:
  m_ObjectHideFlags: 0
  m_CorrespondingSourceObject: {fileID: 0}
  m_PrefabInstance: {fileID: 0}
  m_PrefabAsset: {fileID: 0}
  serializedVersion: 6
  m_Component:
  - component: {fileID: 3740260133987132964}
  - component: {fileID: 3740260133987132965}
  m_Layer: 2
  m_Name: SpotLight
  m_TagString: Untagged
  m_Icon: {fileID: 0}
  m_NavMeshLayer: 0
  m_StaticEditorFlags: 0
  m_IsActive: 0
--- !u!4 &3740260133987132964
Transform:
  m_ObjectHideFlags: 0
  m_CorrespondingSourceObject: {fileID: 0}
  m_PrefabInstance: {fileID: 0}
  m_PrefabAsset: {fileID: 0}
  m_GameObject: {fileID: 3740260133987132967}
  m_LocalRotation: {x: -0.06896604, y: 0.014190081, z: 0.0009810689, w: 0.99751765}
  m_LocalPosition: {x: 0.01347542, y: 0.0044642687, z: 3.042901}
  m_LocalScale: {x: 1, y: 0.22440657, z: 4.872329}
  m_Children: []
  m_Father: {fileID: 3740260133868660132}
  m_RootOrder: 0
  m_LocalEulerAnglesHint: {x: -7.91, y: 1.6300001, z: 0}
--- !u!108 &3740260133987132965
Light:
  m_ObjectHideFlags: 0
  m_CorrespondingSourceObject: {fileID: 0}
  m_PrefabInstance: {fileID: 0}
  m_PrefabAsset: {fileID: 0}
  m_GameObject: {fileID: 3740260133987132967}
  m_Enabled: 1
  serializedVersion: 9
  m_Type: 0
  m_Color: {r: 1, g: 1, b: 1, a: 1}
  m_Intensity: 100
  m_Range: 100
  m_SpotAngle: 1.3
  m_InnerSpotAngle: 1.3
  m_CookieSize: 10
  m_Shadows:
    m_Type: 0
    m_Resolution: -1
    m_CustomResolution: -1
    m_Strength: 1
    m_Bias: 0.05
    m_NormalBias: 0.4
    m_NearPlane: 0.2
    m_CullingMatrixOverride:
      e00: 1
      e01: 0
      e02: 0
      e03: 0
      e10: 0
      e11: 1
      e12: 0
      e13: 0
      e20: 0
      e21: 0
      e22: 1
      e23: 0
      e30: 0
      e31: 0
      e32: 0
      e33: 1
    m_UseCullingMatrixOverride: 0
  m_Cookie: {fileID: 0}
  m_DrawHalo: 0
  m_Flare: {fileID: 0}
  m_RenderMode: 0
  m_CullingMask:
    serializedVersion: 2
    m_Bits: 4294967295
  m_RenderingLayerMask: 1
  m_Lightmapping: 4
  m_LightShadowCasterMode: 0
  m_AreaSize: {x: 1, y: 1}
  m_BounceIntensity: 1
  m_ColorTemperature: 6570
  m_UseColorTemperature: 0
  m_BoundingSphereOverride: {x: 0, y: 0, z: 0, w: 0}
  m_UseBoundingSphereOverride: 0
  m_ShadowRadius: 0
  m_ShadowAngle: 0
--- !u!1 &3740260134067286341
GameObject:
  m_ObjectHideFlags: 0
  m_CorrespondingSourceObject: {fileID: 0}
  m_PrefabInstance: {fileID: 0}
  m_PrefabAsset: {fileID: 0}
  serializedVersion: 6
  m_Component:
  - component: {fileID: 3740260134067286338}
  - component: {fileID: 3740260134067286339}
  m_Layer: 2
  m_Name: PlayerShooter
  m_TagString: Untagged
  m_Icon: {fileID: 0}
  m_NavMeshLayer: 0
  m_StaticEditorFlags: 0
  m_IsActive: 0
--- !u!4 &3740260134067286338
Transform:
  m_ObjectHideFlags: 0
  m_CorrespondingSourceObject: {fileID: 0}
  m_PrefabInstance: {fileID: 0}
  m_PrefabAsset: {fileID: 0}
  m_GameObject: {fileID: 3740260134067286341}
  m_LocalRotation: {x: -0, y: -0, z: -0, w: 1}
  m_LocalPosition: {x: 0.013, y: -0.012535572, z: 0.732}
  m_LocalScale: {x: 1.0024887, y: 1.0021665, z: 1.0046519}
  m_Children: []
  m_Father: {fileID: 3740260133705638685}
  m_RootOrder: 1
  m_LocalEulerAnglesHint: {x: 0, y: 0, z: 0}
--- !u!114 &3740260134067286339
MonoBehaviour:
  m_ObjectHideFlags: 0
  m_CorrespondingSourceObject: {fileID: 0}
  m_PrefabInstance: {fileID: 0}
  m_PrefabAsset: {fileID: 0}
  m_GameObject: {fileID: 3740260134067286341}
  m_Enabled: 1
  m_EditorHideFlags: 0
  m_Script: {fileID: 11500000, guid: 533fea19723d24831ad7609a7468ad20, type: 3}
  m_Name: 
  m_EditorClassIdentifier: 
  playerCamera: {fileID: 3740260133705638682}
  bulletPrefab: {fileID: 6892445158660556049, guid: 970e43b15410c4a73a5cad52c4c0c837,
    type: 3}
--- !u!1001 &3740260134287852134
PrefabInstance:
  m_ObjectHideFlags: 0
  serializedVersion: 2
  m_Modification:
    m_TransformParent: {fileID: 3740260133427706357}
    m_Modifications:
    - target: {fileID: 1281467534966256, guid: e79c6b4804dec6f4eb0125d2081d435f, type: 3}
      propertyPath: m_Name
      value: ChrosshairCanvas (2)
      objectReference: {fileID: 0}
    - target: {fileID: 224597112092344012, guid: e79c6b4804dec6f4eb0125d2081d435f,
        type: 3}
      propertyPath: m_LocalPosition.x
      value: 0
      objectReference: {fileID: 0}
    - target: {fileID: 224597112092344012, guid: e79c6b4804dec6f4eb0125d2081d435f,
        type: 3}
      propertyPath: m_LocalPosition.y
      value: 0
      objectReference: {fileID: 0}
    - target: {fileID: 224597112092344012, guid: e79c6b4804dec6f4eb0125d2081d435f,
        type: 3}
      propertyPath: m_LocalPosition.z
      value: 0
      objectReference: {fileID: 0}
    - target: {fileID: 224597112092344012, guid: e79c6b4804dec6f4eb0125d2081d435f,
        type: 3}
      propertyPath: m_LocalRotation.x
      value: 0
      objectReference: {fileID: 0}
    - target: {fileID: 224597112092344012, guid: e79c6b4804dec6f4eb0125d2081d435f,
        type: 3}
      propertyPath: m_LocalRotation.y
      value: 0
      objectReference: {fileID: 0}
    - target: {fileID: 224597112092344012, guid: e79c6b4804dec6f4eb0125d2081d435f,
        type: 3}
      propertyPath: m_LocalRotation.z
      value: 0
      objectReference: {fileID: 0}
    - target: {fileID: 224597112092344012, guid: e79c6b4804dec6f4eb0125d2081d435f,
        type: 3}
      propertyPath: m_LocalRotation.w
      value: 1
      objectReference: {fileID: 0}
    - target: {fileID: 224597112092344012, guid: e79c6b4804dec6f4eb0125d2081d435f,
        type: 3}
      propertyPath: m_RootOrder
      value: 1
      objectReference: {fileID: 0}
    - target: {fileID: 224597112092344012, guid: e79c6b4804dec6f4eb0125d2081d435f,
        type: 3}
      propertyPath: m_LocalEulerAnglesHint.x
      value: 0
      objectReference: {fileID: 0}
    - target: {fileID: 224597112092344012, guid: e79c6b4804dec6f4eb0125d2081d435f,
        type: 3}
      propertyPath: m_LocalEulerAnglesHint.y
      value: 0
      objectReference: {fileID: 0}
    - target: {fileID: 224597112092344012, guid: e79c6b4804dec6f4eb0125d2081d435f,
        type: 3}
      propertyPath: m_LocalEulerAnglesHint.z
      value: 0
      objectReference: {fileID: 0}
    - target: {fileID: 224597112092344012, guid: e79c6b4804dec6f4eb0125d2081d435f,
        type: 3}
      propertyPath: m_AnchoredPosition.x
      value: 0
      objectReference: {fileID: 0}
    - target: {fileID: 224597112092344012, guid: e79c6b4804dec6f4eb0125d2081d435f,
        type: 3}
      propertyPath: m_AnchoredPosition.y
      value: 0
      objectReference: {fileID: 0}
    - target: {fileID: 224597112092344012, guid: e79c6b4804dec6f4eb0125d2081d435f,
        type: 3}
      propertyPath: m_SizeDelta.x
      value: 0
      objectReference: {fileID: 0}
    - target: {fileID: 224597112092344012, guid: e79c6b4804dec6f4eb0125d2081d435f,
        type: 3}
      propertyPath: m_SizeDelta.y
      value: 0
      objectReference: {fileID: 0}
    - target: {fileID: 224597112092344012, guid: e79c6b4804dec6f4eb0125d2081d435f,
        type: 3}
      propertyPath: m_AnchorMin.x
      value: 0
      objectReference: {fileID: 0}
    - target: {fileID: 224597112092344012, guid: e79c6b4804dec6f4eb0125d2081d435f,
        type: 3}
      propertyPath: m_AnchorMin.y
      value: 0
      objectReference: {fileID: 0}
    - target: {fileID: 224597112092344012, guid: e79c6b4804dec6f4eb0125d2081d435f,
        type: 3}
      propertyPath: m_AnchorMax.x
      value: 0
      objectReference: {fileID: 0}
    - target: {fileID: 224597112092344012, guid: e79c6b4804dec6f4eb0125d2081d435f,
        type: 3}
      propertyPath: m_AnchorMax.y
      value: 0
      objectReference: {fileID: 0}
    - target: {fileID: 224597112092344012, guid: e79c6b4804dec6f4eb0125d2081d435f,
        type: 3}
      propertyPath: m_Pivot.x
      value: 0
      objectReference: {fileID: 0}
    - target: {fileID: 224597112092344012, guid: e79c6b4804dec6f4eb0125d2081d435f,
        type: 3}
      propertyPath: m_Pivot.y
      value: 0
      objectReference: {fileID: 0}
    - target: {fileID: 224597112092344012, guid: e79c6b4804dec6f4eb0125d2081d435f,
        type: 3}
      propertyPath: m_LocalScale.x
      value: 0
      objectReference: {fileID: 0}
    - target: {fileID: 224597112092344012, guid: e79c6b4804dec6f4eb0125d2081d435f,
        type: 3}
      propertyPath: m_LocalScale.y
      value: 0
      objectReference: {fileID: 0}
    - target: {fileID: 224597112092344012, guid: e79c6b4804dec6f4eb0125d2081d435f,
        type: 3}
      propertyPath: m_LocalScale.z
      value: 0
      objectReference: {fileID: 0}
    - target: {fileID: 224795161209764702, guid: e79c6b4804dec6f4eb0125d2081d435f,
        type: 3}
      propertyPath: m_LocalScale.x
      value: 0.04
      objectReference: {fileID: 0}
    - target: {fileID: 224795161209764702, guid: e79c6b4804dec6f4eb0125d2081d435f,
        type: 3}
      propertyPath: m_LocalScale.y
      value: 0.04
      objectReference: {fileID: 0}
    - target: {fileID: 224795161209764702, guid: e79c6b4804dec6f4eb0125d2081d435f,
        type: 3}
      propertyPath: m_LocalScale.z
      value: 0.04
      objectReference: {fileID: 0}
    - target: {fileID: 224795161209764702, guid: e79c6b4804dec6f4eb0125d2081d435f,
        type: 3}
      propertyPath: m_AnchoredPosition.x
      value: 0
      objectReference: {fileID: 0}
    - target: {fileID: 224795161209764702, guid: e79c6b4804dec6f4eb0125d2081d435f,
        type: 3}
      propertyPath: m_AnchoredPosition.y
      value: 0
      objectReference: {fileID: 0}
    - target: {fileID: 114335161369775038, guid: e79c6b4804dec6f4eb0125d2081d435f,
        type: 3}
      propertyPath: m_Sprite
      value: 
      objectReference: {fileID: 10913, guid: 0000000000000000f000000000000000, type: 0}
    - target: {fileID: 223625451617012376, guid: e79c6b4804dec6f4eb0125d2081d435f,
        type: 3}
      propertyPath: m_RenderMode
      value: 1
      objectReference: {fileID: 0}
    - target: {fileID: 223625451617012376, guid: e79c6b4804dec6f4eb0125d2081d435f,
        type: 3}
      propertyPath: m_Camera
      value: 
      objectReference: {fileID: 3740260133705638682}
    - target: {fileID: 223625451617012376, guid: e79c6b4804dec6f4eb0125d2081d435f,
        type: 3}
      propertyPath: m_PlaneDistance
      value: 1
      objectReference: {fileID: 0}
    m_RemovedComponents: []
  m_SourcePrefab: {fileID: 100100000, guid: e79c6b4804dec6f4eb0125d2081d435f, type: 3}
--- !u!224 &3528006414609939626 stripped
RectTransform:
  m_CorrespondingSourceObject: {fileID: 224597112092344012, guid: e79c6b4804dec6f4eb0125d2081d435f,
    type: 3}
  m_PrefabInstance: {fileID: 3740260134287852134}
  m_PrefabAsset: {fileID: 0}
