%YAML 1.1
%TAG !u! tag:unity3d.com,2011:
--- !u!1 &868074789114891827
GameObject:
  m_ObjectHideFlags: 0
  m_CorrespondingSourceObject: {fileID: 0}
  m_PrefabInstance: {fileID: 0}
  m_PrefabAsset: {fileID: 0}
  serializedVersion: 6
  m_Component:
  - component: {fileID: 868074789114891726}
  - component: {fileID: 868074789114891727}
  - component: {fileID: 868074789114891824}
  - component: {fileID: 868074789114891826}
  - component: {fileID: 6787693198793279566}
  - component: {fileID: 3101402395701320083}
  - component: {fileID: 7886934489301397407}
  - component: {fileID: -8333578981861694656}
  - component: {fileID: 6663462228644167747}
  - component: {fileID: 5655047650934541591}
  - component: {fileID: 5233752274038953222}
  m_Layer: 0
  m_Name: TempBotBomb
  m_TagString: Destructible
  m_Icon: {fileID: 0}
  m_NavMeshLayer: 0
  m_StaticEditorFlags: 0
  m_IsActive: 1
--- !u!4 &868074789114891726
Transform:
  m_ObjectHideFlags: 0
  m_CorrespondingSourceObject: {fileID: 0}
  m_PrefabInstance: {fileID: 0}
  m_PrefabAsset: {fileID: 0}
  m_GameObject: {fileID: 868074789114891827}
  m_LocalRotation: {x: 0, y: 0, z: 0, w: 1}
  m_LocalPosition: {x: 0, y: 0, z: 0}
  m_LocalScale: {x: 0.9, y: 1.6, z: 0.9}
  m_Children: []
  m_Father: {fileID: 0}
  m_RootOrder: 0
  m_LocalEulerAnglesHint: {x: 0, y: 0, z: 0}
--- !u!33 &868074789114891727
MeshFilter:
  m_ObjectHideFlags: 0
  m_CorrespondingSourceObject: {fileID: 0}
  m_PrefabInstance: {fileID: 0}
  m_PrefabAsset: {fileID: 0}
  m_GameObject: {fileID: 868074789114891827}
  m_Mesh: {fileID: 10202, guid: 0000000000000000e000000000000000, type: 0}
--- !u!23 &868074789114891824
MeshRenderer:
  m_ObjectHideFlags: 0
  m_CorrespondingSourceObject: {fileID: 0}
  m_PrefabInstance: {fileID: 0}
  m_PrefabAsset: {fileID: 0}
  m_GameObject: {fileID: 868074789114891827}
  m_Enabled: 1
  m_CastShadows: 1
  m_ReceiveShadows: 1
  m_DynamicOccludee: 1
  m_MotionVectors: 1
  m_LightProbeUsage: 1
  m_ReflectionProbeUsage: 1
  m_RayTracingMode: 2
  m_RenderingLayerMask: 1
  m_RendererPriority: 0
  m_Materials:
  - {fileID: 2100000, guid: 0236e1119311247649c317dacf3fbb53, type: 2}
  m_StaticBatchInfo:
    firstSubMesh: 0
    subMeshCount: 0
  m_StaticBatchRoot: {fileID: 0}
  m_ProbeAnchor: {fileID: 0}
  m_LightProbeVolumeOverride: {fileID: 0}
  m_ScaleInLightmap: 1
  m_ReceiveGI: 1
  m_PreserveUVs: 0
  m_IgnoreNormalsForChartDetection: 0
  m_ImportantGI: 0
  m_StitchLightmapSeams: 1
  m_SelectedEditorRenderState: 3
  m_MinimumChartSize: 4
  m_AutoUVMaxDistance: 0.5
  m_AutoUVMaxAngle: 89
  m_LightmapParameters: {fileID: 0}
  m_SortingLayerID: 0
  m_SortingLayer: 0
  m_SortingOrder: 0
--- !u!54 &868074789114891826
Rigidbody:
  m_ObjectHideFlags: 0
  m_CorrespondingSourceObject: {fileID: 0}
  m_PrefabInstance: {fileID: 0}
  m_PrefabAsset: {fileID: 0}
  m_GameObject: {fileID: 868074789114891827}
  serializedVersion: 2
  m_Mass: 1
  m_Drag: 0
  m_AngularDrag: 0
  m_UseGravity: 1
  m_IsKinematic: 0
  m_Interpolate: 1
  m_Constraints: 112
  m_CollisionDetection: 1
--- !u!114 &6787693198793279566
MonoBehaviour:
  m_ObjectHideFlags: 0
  m_CorrespondingSourceObject: {fileID: 0}
  m_PrefabInstance: {fileID: 0}
  m_PrefabAsset: {fileID: 0}
  m_GameObject: {fileID: 868074789114891827}
  m_Enabled: 1
  m_EditorHideFlags: 0
  m_Script: {fileID: 11500000, guid: 882c4741860fe3449b8b0dc8f40d17a1, type: 3}
  m_Name: 
  m_EditorClassIdentifier: 
  destroyAtY: -1.2
  outlineDelay: 1
  explosionDelay: 0
  explosionPower: 8
  explosionRadius: 10
  bigExplosionPrefab: {fileID: 1121192042590650, guid: e1b08032bec16ba4eb1ae23cbd572664,
    type: 3}
  diggerSize: 5
--- !u!114 &3101402395701320083
MonoBehaviour:
  m_ObjectHideFlags: 0
  m_CorrespondingSourceObject: {fileID: 0}
  m_PrefabInstance: {fileID: 0}
  m_PrefabAsset: {fileID: 0}
  m_GameObject: {fileID: 868074789114891827}
  m_Enabled: 0
  m_EditorHideFlags: 0
  m_Script: {fileID: 11500000, guid: 5fea29bb7c508c244a1f805a5fd3fc4d, type: 3}
  m_Name: 
  m_EditorClassIdentifier: 
  outlineMode: 1
  outlineColor: {r: 1, g: 0.76862746, b: 0, a: 1}
  outlineWidth: 5
  precomputeOutline: 0
  bakeKeys: []
  bakeValues: []
--- !u!114 &7886934489301397407
MonoBehaviour:
  m_ObjectHideFlags: 0
  m_CorrespondingSourceObject: {fileID: 0}
  m_PrefabInstance: {fileID: 0}
  m_PrefabAsset: {fileID: 0}
  m_GameObject: {fileID: 868074789114891827}
  m_Enabled: 1
  m_EditorHideFlags: 0
  m_Script: {fileID: 11500000, guid: 1b10c1e5902585a4e862ac27dc88bc3b, type: 3}
  m_Name: 
  m_EditorClassIdentifier: 
--- !u!114 &-8333578981861694656
MonoBehaviour:
  m_ObjectHideFlags: 0
  m_CorrespondingSourceObject: {fileID: 0}
  m_PrefabInstance: {fileID: 0}
  m_PrefabAsset: {fileID: 0}
  m_GameObject: {fileID: 868074789114891827}
  m_Enabled: 1
  m_EditorHideFlags: 0
  m_Script: {fileID: 11500000, guid: dafd0a8e9ee856a49bf432688899df59, type: 3}
  m_Name: 
  m_EditorClassIdentifier: 
  transForm: {fileID: 0}
  bombPosition: {x: 0, y: 0, z: 0}
  explPosition: {x: 0, y: 0, z: 0}
  colliders: []
  projectiles: []
  rigidbodies: []
  showGizmo: 0
  mask: -1
  tagFilter: Untagged
  rangeType: 0
  fadeType: 0
  range: 2.5
  strength: 1
  variation: 50
  chaos: 30
  forceByMass: 1
  affectKinematic: 1
  heightOffset: -3
  delay: 0
  applyDamage: 1
  damageValue: 1
  play: 0
  volume: 1
  clip: {fileID: 0}
--- !u!136 &6663462228644167747
CapsuleCollider:
  m_ObjectHideFlags: 0
  m_CorrespondingSourceObject: {fileID: 0}
  m_PrefabInstance: {fileID: 0}
  m_PrefabAsset: {fileID: 0}
  m_GameObject: {fileID: 868074789114891827}
  m_Material: {fileID: 0}
  m_IsTrigger: 0
  m_Enabled: 1
  m_Radius: 0.5
  m_Height: 1
  m_Direction: 1
  m_Center: {x: 0, y: 0, z: 0}
--- !u!114 &5655047650934541591
MonoBehaviour:
  m_ObjectHideFlags: 0
  m_CorrespondingSourceObject: {fileID: 0}
  m_PrefabInstance: {fileID: 0}
  m_PrefabAsset: {fileID: 0}
  m_GameObject: {fileID: 868074789114891827}
  m_Enabled: 1
  m_EditorHideFlags: 0
  m_Script: {fileID: 11500000, guid: 2071d786339914393a9a433cd58890f8, type: 3}
  m_Name: 
  m_EditorClassIdentifier: 
  enablePersistence: 0
--- !u!114 &5233752274038953222
MonoBehaviour:
  m_ObjectHideFlags: 0
  m_CorrespondingSourceObject: {fileID: 0}
  m_PrefabInstance: {fileID: 0}
  m_PrefabAsset: {fileID: 0}
  m_GameObject: {fileID: 868074789114891827}
  m_Enabled: 1
  m_EditorHideFlags: 0
  m_Script: {fileID: 11500000, guid: 9310c77af65484845b88bf246a95493b, type: 3}
  m_Name: 
  m_EditorClassIdentifier: 
  dropRate: 15
  ore: {fileID: 7565763308332130196, guid: 752178822f19d5c419bf506abecd1226, type: 3}
